@article{prodlda,
  title={Autoencoding variational inference for topic models},
  author={Srivastava, Akash and Sutton, Charles},
  journal={arXiv preprint arXiv:1703.01488},
  year={2017},
}
@inproceedings{nvdm,
  title={Neural variational inference for text processing},
  author={Miao, Yishu and Yu, Lei and Blunsom, Phil},
  booktitle={International conference on machine learning},
  pages={1727--1736},
  year={2016},
  organization={PMLR}
}
@article{blei2003latent,
  title={Latent dirichlet allocation},
  author={Blei, David M and Ng, Andrew Y and Jordan, Michael I},
  journal={the Journal of machine Learning research},
  volume={3},
  pages={993--1022},
  year={2003},
  publisher={JMLR. org}
}
@inproceedings{plsa,
  title={Probabilistic latent semantic indexing},
  author={Hofmann, Thomas},
  booktitle={Proceedings of the 22nd annual international ACM SIGIR conference on Research and development in information retrieval},
  pages={50--57},
  year={1999}
}
@article{vae,
  title={An introduction to variational autoencoders},
  author={Kingma, Diederik P and Welling, Max},
  journal={arXiv preprint arXiv:1906.02691},
  year={2019}
}

@misc{vaecolab,
  title = {{VAE Implementation}},
  howpublished = "\url{https://colab.research.google.com/github/smartgeometry-ucl/dl4g/blob/master/}"
}

@misc{20news,
    author = "{Michael Riffle}",
    title = {{20Newsgroups Dataset}},
    howpublished = "\url{http://qwone.com/~jason/20Newsgroups/}"
}

